@article{alaa2024deep,
  title     = {Deep learning for missing data imputation: A comprehensive review and new perspectives},
  author    = {Alaa, Ahmed M. and Van Breugel, Boris and Sontag, David and van der Schaar, Mihaela},
  journal   = {Foundations and Trends in Machine Learning},
  volume    = {17},
  number    = {2},
  pages     = {139--301},
  year      = {2024}
}

@article{andridge2010review,
  title     = {A review of hot deck imputation for survey non-response},
  author    = {Andridge, Rebecca R. and Little, Roderick J. A.},
  journal   = {International Statistical Review},
  volume    = {78},
  number    = {1},
  pages     = {40--64},
  year      = {2010}
}

@misc{anil_regression,
  title     = {Regression imputation - Deterministic \& stochastic},
  author    = {Anil},
  publisher = {RPubs},
  note      = {Retrieved May 23, 2025},
  url       = {https://www.rpubs.com/anilpmm/regression_det_stoc}
}

@techreport{barcelo2006imputation,
  title       = {Imputation of household wealth components in the Spanish survey of household finances},
  author      = {Barceló, Cristina},
  institution = {Banco de España},
  number      = {0629},
  series      = {Documentos de Trabajo},
  year        = {2006}
}

@techreport{barcelo2008impact,
  title       = {The impact of alternative imputation methods on the measurement of income and wealth: Evidence from the Spanish survey of household finances},
  author      = {Barceló, Cristina},
  institution = {Banco de España},
  number      = {0829},
  series      = {Documento de Trabajo},
  year        = {2008}
}

@article{beretta2016nearest,
  title     = {Nearest neighbor imputation algorithms: A critical evaluation},
  author    = {Beretta, Lorenzo and Santaniello, Alessandro},
  journal   = {BMC Medical Informatics and Decision Making},
  volume    = {16},
  number    = {Suppl 3},
  pages     = {Article 74},
  year      = {2016}
}

@article{breiman2001random,
  title     = {Random forests},
  author    = {Breiman, Leo},
  journal   = {Machine Learning},
  volume    = {45},
  number    = {1},
  pages     = {5--32},
  year      = {2001}
}

@techreport{bruch2023imputation,
  title       = {Imputation of missing values in survey data: An overview},
  author      = {Bruch, Christian},
  institution = {GESIS - Leibniz Institute for the Social Sciences},
  series      = {GESIS Survey Guidelines},
  year        = {2023}
}

@techreport{bryant2023general,
  title       = {General description booklet for the 2015 public use tax file demographic file},
  author      = {Bryant, Victoria},
  institution = {Statistics of Income Division, Internal Revenue Service},
  type        = {Technical documentation},
  year        = {2023},
  url         = {https://drive.google.com/file/d/1WoTU70GEjYMO0KHsHvTTH0NwCc-kN5cE/view}
}

@article{crawford2016distribution,
  title     = {The distribution of household wealth in the UK},
  author    = {Crawford, Rowena and Innes, David and O'Dea, Cormac},
  journal   = {Fiscal Studies},
  volume    = {37},
  number    = {1},
  pages     = {35--54},
  year      = {2016}
}

@article{chen2000nearest,
  title     = {Nearest neighbor imputation for survey data},
  author    = {Chen, Jie and Shao, Jun},
  journal   = {Journal of Official Statistics},
  volume    = {16},
  number    = {2},
  pages     = {113--131},
  year      = {2000}
}

@inproceedings{chen2007confidentiality,
  title     = {Confidentiality protection by data synthesis using quantile regression and hot deck imputation},
  author    = {Chen, Qizhi and Yu, Keming},
  booktitle = {Proceedings of the Survey Research Methods Section},
  publisher = {American Statistical Association},
  year      = {2007}
}

@article{chen2020imputation,
  title     = {Imputation for skewed data using a cube-root transformation},
  author    = {Chen, Shu and Haziza, David and Léger, Christian},
  journal   = {Journal of Survey Statistics and Methodology},
  volume    = {8},
  number    = {3},
  pages     = {545--567},
  year      = {2020}
}

@article{chu2018accounting,
  title     = {Accounting for missing data in clinical research},
  author    = {Chu, Katherine and Ashfaq, Ajar and Newgard, Craig D.},
  journal   = {JAMA Surgery},
  volume    = {153},
  number    = {6},
  pages     = {584--585},
  year      = {2018}
}

@incollection{dempster1983introduction,
  title     = {Introduction},
  author    = {Dempster, Arthur P. and Rubin, Donald B.},
  booktitle = {Incomplete data in sample surveys: Vol. 2. Theory and bibliographies},
  editor    = {Madow, William G. and Olkin, Ingram and Rubin, Donald B.},
  pages     = {3--10},
  publisher = {Academic Press},
  year      = {1983}
}

@article{dorazio2021statistical,
  title     = {Statistical matching and imputation of survey data with R},
  author    = {D'Orazio, Marcello and Di Zio, Marco and Scanu, Mauro},
  journal   = {Journal of Statistical Software},
  volume    = {98},
  number    = {1},
  pages     = {1--35},
  year      = {2021}
}

@misc{editage2023introduction,
  title     = {An introduction to multiple imputation by chained equations for biomedical researchers},
  author    = {{Editage Insights}},
  publisher = {Editage},
  year      = {2023},
  month     = {December},
  day       = {22},
  url       = {https://www.editage.com/insights/an-introduction-to-multiple-imputation-by-chained-equations-for-biomedical-researchers}
}

@article{graham2009missing,
  title     = {Missing data analysis: Making it work in the real world},
  author    = {Graham, John W.},
  journal   = {Annual Review of Psychology},
  volume    = {60},
  pages     = {549--576},
  year      = {2009}
}

@misc{ghenis2018quantile,
  title   = {Quantile Regression: From Linear Models to Trees to Deep Learning},
  author  = {Ghenis, Max},
  year    = {2018},
  howpublished = {Towards Data Science},
  note    = {Medium blog post},
  url     = {https://medium.com/data-science/quantile-regression-from-linear-models-to-trees-to-deep-learning-af3738b527c3}
}

@book{hao2007quantile,
  title     = {Quantile regression},
  author    = {Hao, Lingxin and Naiman, Daniel Q.},
  publisher = {Sage Publications},
  year      = {2007}
}

@incollection{haziza2009imputation,
  title     = {Imputation and inference in the presence of missing data},
  author    = {Haziza, David},
  booktitle = {Handbook of statistics, Vol. 29A: Sample surveys: Design, methods and applications},
  editor    = {Pfeffermann, Danny and Rao, C. R.},
  pages     = {215--246},
  publisher = {Elsevier},
  year      = {2009}
}

@misc{ifs2025new,
  title     = {New data suggest dramatic decline in living standards, but it may just be the quality of the data that has declined},
  author    = {{Institute for Fiscal Studies}},
  year      = {2025},
  month     = {March},
  day       = {31},
  url       = {https://ifs.org.uk/articles/new-data-suggest-dramatic-decline-living-standards-it-may-just-be-quality-data-has}
}

@article{jadhav2021survey,
  title     = {A survey on missing data in machine learning},
  author    = {Jadhav, Amar and Pramod, Dhanya and Ramanathan, Krishnan},
  journal   = {Journal of Big Data},
  volume    = {8},
  number    = {1},
  pages     = {140},
  year      = {2021}
}

@inproceedings{kleinke2023robust,
  title     = {Robust multiple imputation based on quantile forests},
  author    = {Kleinke, Kristian and Fritsch, Markus},
  booktitle = {GESIS Workshop on Longitudinal Data Analysis},
  year      = {2023}
}

@article{kleinke2020multiple,
  title     = {Multiple imputation of incomplete zero-inflated count data},
  author    = {Kleinke, Kristian and Reinecke, Jost},
  journal   = {Statistica Neerlandica},
  volume    = {74},
  number    = {4},
  pages     = {515--539},
  year      = {2020}
}

@book{koenker2005quantile,
  title     = {Quantile regression},
  author    = {Koenker, Roger},
  publisher = {Cambridge University Press},
  year      = {2005}
}

@article{koenker1978regression,
  title     = {Regression quantiles},
  author    = {Koenker, Roger and Bassett, Gilbert J.},
  journal   = {Econometrica},
  volume    = {46},
  number    = {1},
  pages     = {33--50},
  year      = {1978}
}

@misc{learneconometricsfast2025quantile,
  title     = {Quantile regression for economists: How to analyze data beyond the mean with tailored insights},
  author    = {{Learneconometricsfast.com}},
  year      = {2025},
  note      = {Retrieved May 23, 2025},
  url       = {https://learneconometricsfast.com/quantile-regression-for-economists-how-to-analyze-data-beyond-the-mean-with-tailored-insights/}
}

@article{little1988missing,
  title     = {Missing-data adjustments in large surveys},
  author    = {Little, Roderick J. A.},
  journal   = {Journal of Business \& Economic Statistics},
  volume    = {6},
  number    = {3},
  pages     = {287--296},
  year      = {1988}
}

@book{little2002statistical,
  title     = {Statistical analysis with missing data},
  author    = {Little, Roderick J. A. and Rubin, Donald B.},
  edition   = {2nd},
  publisher = {John Wiley \& Sons},
  year      = {2002}
}

@inproceedings{lun2019multiple,
  title     = {Multiple imputation for skewed multivariate data: A marriage of the MI and COPULA procedures},
  author    = {Lun, Zhixin and Khattree, Ravindra},
  booktitle = {Proceedings of the SAS Global Forum 2019 Conference},
  publisher = {SAS Institute Inc.},
  number    = {Paper 3605-2019},
  year      = {2019},
  url       = {https://support.sas.com/resources/papers/proceedings19/3605-2019.pdf}
}

@article{meinshausen2006quantile,
  title     = {Quantile regression forests},
  author    = {Meinshausen, Nicolai and Ridgeway, Greg},
  journal   = {Journal of Machine Learning Research},
  volume    = {7},
  number    = {Jun},
  pages     = {983--999},
  year      = {2006}
}

@article{myers2011goodbye,
  title     = {Goodbye, listwise deletion: Presenting hot deck imputation as an easy and effective tool for handling missing data},
  author    = {Myers, Terri A.},
  journal   = {Communication Methods and Measures},
  volume    = {5},
  number    = {4},
  pages     = {297--310},
  year      = {2011}
}

@techreport{nces2021methods,
  title       = {2020–21 NTPS methods and procedures},
  author      = {{National Center for Education Statistics}},
  institution = {U.S. Department of Education},
  year        = {2021}
}

@misc{ons2019using,
  title     = {Using tax data to better capture top earners in household income inequality statistics},
  author    = {{Office for National Statistics}},
  year      = {2019},
  month     = {February},
  day       = {26},
  url       = {https://www.ons.gov.uk/peoplepopulationandcommunity/personalandhouseholdfinances/incomeandwealth/articles/usingtaxdatatobettercapturetopearnersinhouseholdincomeinequalitystatistics/2019-02-26}
}

@techreport{ota2012revenue,
  title       = {Revenue estimating models at the U.S. Treasury Department},
  author      = {{Office of Tax Analysis}},
  institution = {U.S. Department of the Treasury},
  number      = {Technical Paper 12},
  year        = {2012}
}

@misc{parker_missing,
  title  = {Missing data and quantile regression [Lecture notes]},
  author = {Parker, D.},
  school = {Reed College},
  note   = {Retrieved May 23, 2025},
  url    = {https://www.reed.edu/economics/parker/312/online_slides/312_4-29.pdf}
}

@misc{policyengine2025microimpute,
  title  = {Microimpute documentation},
  author = {{PolicyEngine}},
  year   = {2025},
  note   = {Retrieved from},
  url    = {https://policyengine.github.io/microimpute/}
}

@book{rubin1987multiple,
  title     = {Multiple imputation for nonresponse in surveys},
  author    = {Rubin, Donald B.},
  publisher = {John Wiley \& Sons},
  year      = {1987}
}

@article{siddique2008multiple,
  title     = {Multiple imputation using chained equations: What is it and how does it work?},
  author    = {Siddique, Juned and Belin, Thomas R.},
  journal   = {American Journal of Public Health},
  volume    = {98},
  number    = {4},
  pages     = {644--659},
  year      = {2008}
}

@article{stuart2009multiple,
  title     = {Multiple imputation with large data sets: A case study of the Children's Mental Health Initiative},
  author    = {Stuart, Elizabeth A. and Azur, Melissa and Frangakis, Constantine and Leaf, Philip},
  journal   = {American Journal of Epidemiology},
  volume    = {169},
  number    = {9},
  pages     = {1133--1139},
  year      = {2009}
}

@article{tang2017random,
  title     = {Random forest missing data algorithms},
  author    = {Tang, Fei and Ishwaran, Hemant},
  journal   = {Statistical Analysis and Data Mining: The ASA Data Science Journal},
  volume    = {10},
  number    = {6},
  pages     = {363--377},
  year      = {2017}
}

@misc{uscensus_data,
  title  = {Data editing and imputation},
  author = {{U.S. Census Bureau}},
  series = {Survey of Income and Program Participation},
  note   = {Retrieved May 23, 2025},
  url    = {https://www.census.gov/programs-surveys/sipp/methodology/data-editing-and-imputation.html}
}

@article{vanbuuren2011mice,
  title     = {mice: Multivariate Imputation by Chained Equations in R},
  author    = {Van Buuren, Stef and Groothuis-Oudshoorn, Karin},
  journal   = {Journal of Statistical Software},
  volume    = {45},
  number    = {3},
  pages     = {1--67},
  year      = {2011}
}

@techreport{vonhippel2007should,
  title       = {Should a normal imputation model be modified to impute skewed variables?},
  author      = {Von Hippel, Paul T.},
  institution = {LBJ School of Public Affairs, University of Texas at Austin},
  year        = {2007}
}

@article{wei2014multiple,
  title     = {Multiple imputation in quantile regression},
  author    = {Wei, Ying and Ma, Yang and Carroll, Raymond J.},
  journal   = {Biometrics},
  volume    = {70},
  number    = {1},
  pages     = {196--205},
  year      = {2014}
}

@techreport{woodruff2023survey,
  title       = {Surveying the (loss) landscape: using machine learning to improve household survey accuracy},
  author      = {Woodruff, Nikhil},
  institution = {University of Durham},
  year        = {2023},
  month       = {April},
  note        = {Demonstrates superiority of machine learning approaches over traditional methods for survey enhancement through comprehensive benchmarking},
  url         = {https://github.com/policyengine/survey-enhance/blob/main/docs/paper/project_paper.pdf}
}

@techreport{woodruff2024enhancing,
  title     = {Enhancing survey microdata with administrative records: A novel approach to microsimulation dataset construction},
  author    = {Woodruff, Nikhil and Ghenis, Max},
  publisher = {PolicyEngine},
  year      = {2024}
}

@article{zhao2023quantile,
  title     = {Quantile regression for electronic medical records analysis with nonignorable missing responses},
  author    = {Zhao, Qian Y. and Ma, Shuangge and Wang, Lan},
  journal   = {Biometrics},
  volume    = {79},
  number    = {3},
  pages     = {2036--2048},
  year      = {2023}
}

@misc{zillow2024quantile,
  title  = {quantile-forest: Scikit-learn compatible quantile regression forests},
  author = {{Zillow Group}},
  year   = {2024},
  url    = {https://zillow.github.io/quantile-forest/}
}
